@inproceedings{Altenkirch,
 author = {Altenkirch, Thorsten and McBride, Conor and Morris, Peter},
 title = {Generic Programming with Dependent Types},
 booktitle = {Proceedings of the 2006 International Conference on Datatype-generic Programming},
 series = {SSDGP'06},
 year = {2007},
 isbn = {3-540-76785-1, 978-3-540-76785-5},
 location = {Nottingham, UK},
 pages = {209--257},
 numpages = {49},
 url = {http://dl.acm.org/citation.cfm?id=1782894.1782898},
 acmid = {1782898},
 publisher = {Springer-Verlag},
 address = {Berlin, Heidelberg},
} 
@inproceedings{servant,
 author = {Mestanogullari, Alp and Hahn, S\"{o}nke and Arni, Julian K. and L\"{o}h, Andres},
 title = {Type-level Web APIs with Servant: An Exercise in Domain-specific Generic Programming},
 booktitle = {Proceedings of the 11th ACM SIGPLAN Workshop on Generic Programming},
 series = {WGP 2015},
 year = {2015},
 isbn = {978-1-4503-3810-3},
 location = {Vancouver, BC, Canada},
 pages = {1--12},
 numpages = {12},
 url = {http://doi.acm.org/10.1145/2808098.2808099},
 doi = {10.1145/2808098.2808099},
 acmid = {2808099},
 publisher = {ACM},
 address = {New York, NY, USA},
 keywords = {Haskell, embedded domain-specific languages, generic programming, type-level programming, web programming},
} 
